@online{DAO,
	title={Thoughts on The {DAO} Hack},
	url={http://hackingdistributed.com/2016/06/17/thoughts-on-the-dao-hack/},
	author={Sirer, Emin G{\"u}n},
	year={2016},
	organization={Hacking, Distributed},
	lastaccessed = {July 29, 2020}
}

@article{OlivaEtAl2019,
author = {Oliva, Gustavo and Hassan, Ahmed E. and Jiang, Zhen},
year = {2019},
month = {11},
title = {An Exploratory Study of Smart Contracts in the Ethereum Blockchain Platform},
journal = {Empirical Software Engineering},
doi = {10.1007/s10664-019-09796-5}
}

