@misc{solidityByExample,
    title = {Solidity by Example},
    url = {https://solidity.readthedocs.io/en/v0.7.0/solidity-by-example.html},
    note = {Accessed: 2020-07-28}
}

@misc{erc20,
  title = {EIP 20: ERC-20 Token Standard},
  url = {https://eips.ethereum.org/EIPS/eip-20},
  date = {2015-11-19},
  urldate = {2020-07-28}
}

@misc{erc721,
  title = {EIP 721: ERC-721 Non-Fungible Token Standard},
  url = {https://eips.ethereum.org/EIPS/eip-721},
  date = {2018-01-24},
  urldate = {2020-07-28}
}

@misc{erc777,
  title = {EIP 777: ERC777 Token Standard},
  url = {https://eips.ethereum.org/EIPS/eip-777},
  date = {2017-11-20},
  urldate = {2020-07-28}
}

@misc{erc1155,
  title = {EIP 1155: ERC-1155 Multi Token Standard},
  url = {https://eips.ethereum.org/EIPS/eip-1155},
  date = {2018-06-17},
  urldate = {2020-07-28}
}

@article{wood2014ethereum,
  title={Ethereum: A secure decentralised generalised transaction ledger},
  author={Wood, Gavin and others},
  journal={Ethereum project yellow paper},
  volume={151},
  number={2014},
  pages={1--32},
  year={2014}
}

@misc{DAO,
	title={Thoughts on The {DAO} Hack},
	url={http://hackingdistributed.com/2016/06/17/thoughts-on-the-dao-hack/},
	author={Sirer, Emin G{\"u}n},
	year={2016},
	organization={Hacking, Distributed},
	urldate={July 29, 2020}
}

@article{OlivaEtAl2019,
    author = {Oliva, Gustavo and Hassan, Ahmed E. and Jiang, Zhen},
    year = {2019},
    month = {11},
    title = {An Exploratory Study of Smart Contracts in the Ethereum Blockchain Platform},
    journal = {Empirical Software Engineering},
    doi = {10.1007/s10664-019-09796-5}
}

@misc{coblenz2019obsidian,
    title={Obsidian: Typestate and Assets for Safer Blockchain Programming},
    author={Michael Coblenz and Reed Oei and Tyler Etzel and Paulette Koronkevich and Miles Baker and Yannick Bloem and Brad A. Myers and Joshua Sunshine and Jonathan Aldrich},
    year={2019},
    eprint={1909.03523},
    archivePrefix={arXiv},
    primaryClass={cs.PL}
}

@inproceedings{luuOyente,
    author = {Luu, Loi and Chu, Duc-Hiep and Olickel, Hrishi and Saxena, Prateek and Hobor, Aquinas},
    title = {Making Smart Contracts Smarter},
    year = {2016},
    isbn = {9781450341394},
    publisher = {Association for Computing Machinery},
    address = {New York, NY, USA},
    url = {https://doi.org/10.1145/2976749.2978309},
    doi = {10.1145/2976749.2978309},
    booktitle = {Proceedings of the 2016 ACM SIGSAC Conference on Computer and Communications Security},
    pages = {254–269},
    keywords = {blockchain, ethereum, cryptocurrencies, smart contract, symbolic execution},
    location = {Vienna, Austria},
    series = {CCS ’16}
}

